
@ARTICLE{Collienne2020-iu,
  title         = "Computing nearest neighbour interchange distances between
                   ranked phylogenetic trees",
  author        = "Collienne, Lena and Gavryushkin, Alex",
  month         =  jul,
  year          =  2020,
  archivePrefix = "arXiv",
  primaryClass  = "cs.DS",
  eprint        = "2007.12307"
}


@BOOK{Semple2003-nj,
  title       = "Phylogenetics",
  author      = "Semple, C and Steel, M",
  publisher   = "Oxford University Press",
  year        =  2003,
  original_id = "7f9dcea0-5361-0d3b-ae10-3b0f12c98f1c"
}
